
@misc{ GrowthDynamics,
	author = {Diego Lirman, Stephanie Schopmeyer , Victor Galvan , Crawford Drury , Andrew C. Baker, Iliana B. Baums},
	title = "Growth Dynamics of the Threatened Caribbean Staghorn
	Coral Acropora cervicornis : Influence of Host Genotype,
	Symbiont Identity, Colony Size, and Environmental
	Setting",
	year = "2016",
	note = "[Article; accessed 16-April-2016]"
}


@misc{ wiki:Acropora,
	author = {Various},
	title = "Acropora --- {W}ikipedia{,} The Free Encyclopedia",
	year = "2016",
	url = "https://en.wikipedia.org/wiki/Acropora",
	note = "[Online; accessed 16-April-2016]"
}

@misc{ wiki:Equation,
	author = {Various},
	title = "Malthusian growth model --- {W}ikipedia{,} The Free Encyclopedia",
	year = "2016",
	url = "https://en.wikipedia.org/wiki/Malthusian_growth_model",
	note = "[Online; accessed 16-April-2016]"
}

@misc{ BaseFunction,
	author = {Paul Garrett},
	title = "Exponential growth and decay: a differential equation",
	url = "http://mathinsight.org/exponential_growth_decay_differential_equation_refresher",
	note = "[Online; accessed 16-April-2016]"
}

@misc{ AcroStats,
	author = {Encyclopedia of Life},
	title = "Acropora, Staghorn Corals",
	url = "http://eol.org/pages/23055/details",
	note = "[Online; accessed 16-April-2016]"
}
